@book{Cox2015,
  title     = {Ideals, Varieties, and Algorithms},
  author    = {David A. Cox, John Little, Donal O'Shea},
  publisher = {Springer},
  edition   = {Fourth},
  year      = {2015}
}

@book{Bond1999,
  title     = {An Introduction to Abstract Mathematics},
  author    = {Robert J. Bond, William J. Keane},
  publisher = {Waveland Press},
  edition   = {First},
  year      = {1999}
}

@misc{Prelude,
  title         = {Hackage: The Haskell Package Repository},
  howpublished  = {\url{https://hackage.haskell.org/package/base-4.17.0.0/docs/Prelude.html}},
}

@misc{M2,
  title         = {Macaulay2, a software system for research in algebraic geometry},
  author        = {Grayson, Daniel R. and Stillman, Michael E.},
  howpublished  = {\url{https://math.uiuc.edu/Macaulay2}}
}

@misc{sagemath,
  title        = {{S}ageMath, the {S}age {M}athematics {S}oftware {S}ystem},
  author       = {{The Sage Developers}},
  howpublished = {\url{https://www.sagemath.org}}
}

@article{poss2014,
  title     = {Rust for functional programmers},
  author    = {Poss, Raphael},
  journal   = {arXiv preprint arXiv:1407.5670},
  year      = {2014}
}

@article{Saunders97,
    title       = {The {P}{N}{A}{S} way back then},
    author      = {Saunders Mac Lane},
    journal     = {The Proceedings of the National Academy of Sciences},
    volume      = {94},
    pages       = {5983--5985},
    year        = {1997}
}

@article{Hilbert90,
    title       = {{U}eber die {T}heorie der algebraischen {F}ormen},
    author      = {Hilbert, David},
    journal     = {Mathematische Annalen},
    volume      = {36},
    pages       = {473â€“534},
    year        = {1890},
    doi         = {\url{https://doi.org/10.1007/BF01208503}}
}

@phdthesis{Buchberger65,
  title     = {An algorithm for finding a basis for the residue class ring of a zero-dimensional polynomial ideal},
  author    = {Buchberger, Bruno},
  year      = {1965},
  school    = {Ph. D. thesis, University of Innsbruck, Austria}
}
